% Bibliografía

% Este fichero contiene la bibliografía de la memoria
% Está en un formato que se conoce como BibTex.
% Hay muchos sitios web que exportan referencias en formato BibTeX. 
% Prueba a buscar en http://scholar.google.com por referencias
% y verás que lo puedes hacer de manera sencilla.
% Más información: 
% http://texblog.org/2014/04/22/using-google-scholar-to-download-bibtex-citations/

% Existen varias posibilidades para referenciar diferentes tipos de documentos,
% ya que los datos necesarios varían. Así, existen formatos de entrada para
%     * libros (book)
%     * artículos en revistas de investigación (article)
%     * capítulos de libro (incollection)
%     * informes técnicos (techreport)
%     * otros (misc)
%
% Las páginas web deberían ir como misc.

% Una última cosa: no referencias nunca la WikiPedia
% La WikiPedia, como buena enciclopedia, no es fuente primaria.
% Si acaso, busca por citas en la WikiPedia (que sí ha de referenciar fuentes
% primarias) y haz referencia a las mismas.

@misc{grinberg,
  author    = {Miguel Grinberg},
  title     = {Miguel Grinberg's Blog},
  howpublished = {\url{http://blog.miguelgrinberg.com}},
  note      = {Miguel Grinberg has over 25 years of experience as a software engineer. At work, he leads a team of engineers that develop video software for the broadcast industry. He writes about various topics including web development, robotics, photography, and the occasional movie review. He lives in Portland, Oregon with his wife, four kids, two dogs, and a cat.},
}

@book{flaskbook,
  author    = {Miguel Grinberg},
  title     = {Flask Web Development: Developing Web Applications with Python},
  year      = {2018},
  publisher = {O'Reilly Media},
  url       = {https://coddyschool.com/upload/Flask_Web_Development_Developing.pdf},
}

@misc{fullcalendar,
  author       = {FullCalendar},
  title        = {FullCalendar},
  howpublished = {\url{https://github.com/fullcalendar/fullcalendar}},
  note         = {FullCalendar es un proyecto de código abierto alojado en GitHub que proporciona una librería de JavaScript para crear calendarios interactivos en aplicaciones web.},
}

@misc{phpmyadmin,
  author       = {{phpMyAdmin}},
  title        = {{phpMyAdmin}},
  howpublished = {\url{http://localhost/phpmyadmin/index.php?route=/database/structure&db=sitio}},
  note         = {phpMyAdmin es una herramienta de administración de bases de datos MySQL alojada en un servidor local.},
}

@misc{tfg-karol,
  author       = {K. J. Bayas},
  title        = {TFG-Karol},
  howpublished = {\url{https://github.com/kjbayas/TFG-Karol}},
  note         = {Repositorio de GitHub que contiene el código fuente y la documentación del Trabajo de Fin de Grado (TFG) de Karol J. Bayas.},
}

@Book{bonabeau:_swarm,
  author = 	 {Eric Bonabeau and Marco Dorigo and Guy Theraulaz},
  title = 	 {Swarm Intelligence: From Natural to Articial Systems},
  publisher = 	 {Oxford University Press, Inc.},
  year = 	 1999
}

@Article{parnas72:_modules,
 author = {David L. Parnas},
 title = {On the criteria to be used in decomposing systems into modules},
 journal = CACM,
 volume = 15,
 year = 1972,
 pages = {1053-1058}
}

@InCollection{GBarahona04:_debian,
   author =       {González-Barahona, Jesús M. and Robles, Gregorio and
                   Ortuño Pérez, Miguel and Rodero-Merino, Luis and
                   Centeno González, José and Matellan-Olivera, Vicente and
                   Castro-Barbero, Eva and de-las-Heras-Quirós, Pedro},
   title =        {Analyzing the anatomy of {GNU/L}inux distributions:
                   methodology and case studies ({R}ed {H}at and {D}ebian)},
   pages =        {27-58},
   editor =       {Koch, Stefan},
   booktitle =    {Free/Open Source Software Development},
   publisher =    {Idea Group Publishing},
   address =      {Hershey, Pennsylvania, USA},
   year =         {2004},
}

@TechReport{ghosh02:_developer_survey,
  author = 	 {Rishab Aiyer Ghosh and Ruediger Glott and Bernhard Krieger and Gregorio Robles},
  title = 	 {Survey of Developers (Free/Libre and Open Source Software: Survey and Study)},
  institution =  {International Institute of Infonomics. University of Maastricht},
  year = 	 2002,
  address =	 {The Netherlands},
  month =	 jun,
  note =	 {\\ http://www.infonomics.nl/FLOSS/report}
}

@inproceedings{robles2017uml,
  author    = {G. Robles and T. Ho-Quang and R. Hebig and M. R. Chaudron and M. A. Fernandez},
  title     = {An extensive dataset of UML models in {GitHub}},
  booktitle = {2017 IEEE/ACM 14th International Conference on Mining Software Repositories (MSR)},
  pages     = {519--522},
  year      = {2017},
  organization = {IEEE},
}


@inproceedings{robles2005self,
  title={Self-organized development in libre software:
         a model based on the stigmergy concept},
  author={Robles, Gregorio and Merelo, Juan Juli\'an 
          and Gonz\'alez-Barahona, Jes\'us M.},
  booktitle={ProSim'05},
  year={2005}
}
